
%
%  $Description: Sample bibliography$ 
% 
%  $Author: ienne $ 
%  $Date: 1995/09/15 15:19:53 $
%  $Revision: 1.3 $
%

@Book{livroPrincipal,
   author =   "Patterson, David A. - Hennessy, John L", 
   title =   "Organização e Projeto de Computadores (5ª Edição)", 
   publisher =   "LTC Exatas Didático",
   year =   "2017"
}

@Video{VideoAuxiliar,
   url  =   "https://www.youtube.com/watch?v=lqHKJyYCkXk", 
   title =   "CA16 - MIPS control signals", 
   author =   "Karen Janice Mazidi "
}